@Article{
	Griewank2017,
	author = {{Griewank}, A. and {Bernt}, J.~U. and {Radons}, M. and {Streubel}, T.},
	title = "{Solving piecewise linear equations in abs-normal form}",
	journal = {ArXiv e-prints},
	year = 2017,
	month = jan,
	adsurl = {http://adsabs.harvard.edu/abs/2017arXiv170100753G},
}

@Article{
	Griewank2013,
	author = {Griewank, Andreas},
	title = {On Stable Piecewise Linearization and Generalized Algorithmic Differentiation},
	journal = {Optimization Methods Software},
	issue_date = {December 2013},
	volume = {28},
	number = {6},
	month = dec,
	year = {2013},
	issn = {1055-6788},
	pages = {1139--1178},
	numpages = {40},
}

@online{tesla_p100_whitepaper,
	author = {NVDIA Corporation},
	title = {{NVIDIA Tesla P100} Whitepaper},
	year = 1999,
	url = {https://images.nvidia.com/content/pdf/tesla/whitepaper/pascal-architecture-whitepaper.pdf},
	urldate = {2017-07-12}
}

@Article{
	Richardson2006,
	author="Richardson, Matthew
	and Domingos, Pedro",
	title="Markov logic networks",
	journal="Machine Learning",
	year="2006",
	volume="62",
	number="1",
	pages="107--136",
	issn="1573-0565",
	doi="10.1007/s10994-006-5833-1",
	url="http://dx.doi.org/10.1007/s10994-006-5833-1"
}
@InProceedings{
	jain11kr,
	author  = {Dominik Jain},
	title = {{Knowledge Engineering with Markov Logic Networks: A Review}},
	booktitle = {DKB 2011: Proceedings of the Third Workshop on Dynamics of Knowledge and Belief},
	year = {2011},
	bib2html_groups = {ProbCog},
}